" jump to s 
@article{ singh-ogorman-2013,
author = {Singh, Martin S. and O'Gorman, Paul A.},
title = {Influence of entrainment on the thermal stratification in simulations of radiative-convective equilibrium},
journal = {Geophysical Research Letters},
volume = {40},
number = {16},
pages = {4398-4403},
year = {2013}
}

