/mnt/c/Users/omiyawaki/Sync/papers/references.bib