@article{he-soden-2015,
  title={Anthropogenic weakening of the tropical circulation: The relative roles of direct CO2 forcing and sea surface temperature change},
  author={He, Jie and Soden, Brian J},
  journal={Journal of Climate},
  volume={28},
  number={22},
  pages={8728--8742},
  year={2015}
}

@article{sherwood-et-al-2014,
  title={Spread in model climate sensitivity traced to atmospheric convective mixing},
  author={Sherwood, Steven C and Bony, Sandrine and Dufresne, Jean-Louis},
  journal={Nature},
  volume={505},
  number={7481},
  pages={37--42},
  year={2014},
  publisher={Nature Publishing Group}
}