" Index a
@book{ams-standard,
    author    = "AMS",
    title     = "Glossary of Meteorology",
    year      = "cited 2020: Moist-adiabatic lapse rate",
    note     = "[Available online at \url{http://glossary.ametsoc.org/wiki/Moist-adiabatic_lapse_rate}]",
}

@book{ams-pseudo,
    author    = "AMS",
    title     = "Glossary of Meteorology",
    year      = "cited 2020: Pseudoadiabatic lapse rate",
    note     = "[Available online at \url{http://glossary.ametsoc.org/wiki/Pseudoadiabatic_lapse_rate}]",
}

@book{ams-reversible,
    author    = "AMS",
    title     = "Glossary of Meteorology",
    year      = "cited 2020: Reversible moist-adiabatic process",
    note     = "[Available online at \url{http://glossary.ametsoc.org/wiki/Reversible_moist-adiabatic_process}]",
}

@article{ arakawa-schubert-1974,
author = {Arakawa, Akio and Schubert, Wayne Howard},
title = {Interaction of a cumulus cloud ensemble with the large-scale environment, {P}art {I}},
journal = {Journal of the Atmospheric Sciences},
volume = {31},
number = {3},
pages = {674-701},
year = {1974}
}

@article{ andrews-webb-2018,
  title={The dependence of global cloud and lapse rate feedbacks on the spatial structure of tropical Pacific warming},
  author={Andrews, Timothy and Webb, Mark J},
  journal={Journal of Climate},
  volume={31},
  number={2},
  pages={641--654},
  year={2018}
}

" Index b
@article{ betts-1982,
author = {Betts, Alan},
title = {Saturation point analysis of moist convective overturning},
journal = {Journal of the Atmospheric Sciences},
volume = {39},
number = {7},
pages = {1484-1505},
year = {1982}
}

@incollection{ betts-miller-1993,
title={The Betts-Miller scheme},
author={Betts, Alan K and Miller, Martin J},
booktitle={The representation of cumulus convection in numerical models},
pages={107--121},
year={1993},
publisher={Springer}
}

@article{ bretherton-smolarkiewicz-1989,
author = {Bretherton, Christopher and Smolarkiewicz, Piotr K.},
title = {Gravity waves, compensating subsidence, and detrainment around cumulus clouds},
journal = {Journal of the Atmospheric Sciences},
volume = {46},
number = {6},
pages = {740-759},
year = {1989}
}

" Index c

" Index d
@article{ donner-et-al-2001,
author = {Donner, Leo J. and others},
title = {A cumulus parameterization including mass fluxes, convective vertical velocities, and mesoscale effects: Thermodynamic and hydrological aspects in a general circulation model},
journal = {Journal of Climate},
volume = {14},
number = {16},
pages = {3444-3463},
year = {2001}
}

" Index e
@book{ emanuel-1994,
author = {Emanuel, Kerry A.},
title = {Atmospheric Convection},
year = {1994},
publisher = {Oxford University Press}
}

" Index f
@article{ flannaghan-et-al-2014,
  title={Tropical temperature trends in atmospheric general circulation model simulations and the impact of uncertainties in observed SSTs},
  author={Flannaghan, TJ and Fueglistaler, S and Held, Isaac M and Po-Chedley, S and Wyman, B and Zhao, Ming},
  journal={Journal of Geophysical Research: Atmospheres},
  volume={119},
  number={23},
  pages={13--327},
  year={2014},
  publisher={Wiley Online Library}
}

@article{ fueglistaler-et-al-2015,
  title={The distribution of precipitation and the spread in tropical upper tropospheric temperature trends in CMIP5/AMIP simulations},
  author={Fueglistaler, S and Radley, C and Held, Isaac M},
  journal={Geophysical Research Letters},
  volume={42},
  number={14},
  pages={6000--6007},
  year={2015},
  publisher={Wiley Online Library}
}

" Index g
@article{ gates-1992,
  title={AN AMS CONTINUING SERIES: GLOBAL CHANGE--AMIP: The Atmospheric Model Intercomparison Project},
  author={Gates, W Lawrence},
  journal={Bulletin of the American Meteorological Society},
  volume={73},
  number={12},
  pages={1962--1970},
  year={1992},
  publisher={American Meteorological Society}
}

" Index h
@article{held-soden-2006,
  title={Robust responses of the hydrological cycle to global warming},
  author={Held, Isaac M and Soden, Brian J},
  journal={Journal of climate},
  volume={19},
  number={21},
  pages={5686--5699},
  year={2006}
}

" Index i

" Index j

" Index k

" Index l
@article{lau-et-al-1993,
  title={A preliminary study of the tropical water cycle and its sensitivity to surface warming},
  author={Lau, KM and Sui, CH and Tao, WK},
  journal={Bulletin of the American Meteorological Society},
  volume={74},
  number={7},
  pages={1313--1322},
  year={1993},
  publisher={American Meteorological Society}
}

" Index m
@article{manabe-wetherald-1975,
  title={The effects of doubling the CO2 concentration on the climate of a general circulation model},
  author={Manabe, Syukuro and Wetherald, Richard T},
  journal={Journal of the Atmospheric Sciences},
  volume={32},
  number={1},
  pages={3--15},
  year={1975}
}

@article{manabe-stouffer-1980,
  title={Sensitivity of a global climate model to an increase of CO2 concentration in the atmosphere},
  author={Manabe, Syukuro and Stouffer, Ronald J},
  journal={Journal of Geophysical Research: Oceans},
  volume={85},
  number={C10},
  pages={5529--5554},
  year={1980},
  publisher={Wiley Online Library}
}

@article{manabe-bryan-1985,
  title={CO2-induced change in a coupled ocean-atmosphere model and its paleoclimatic implications},
  author={Manabe, Syukuro and Bryan Jr, Kirk},
  journal={Journal of Geophysical Research: Oceans},
  volume={90},
  number={C6},
  pages={11689--11707},
  year={1985},
  publisher={Wiley Online Library}
}

@article{mapes-2001,
  title={Water's two height scales: The moist adiabat and the radiative troposphere},
  author={Mapes, Brian E},
  journal={Quarterly Journal of the Royal Meteorological Society},
  volume={127},
  number={577},
  pages={2353--2366},
  year={2001},
  publisher={Wiley Online Library}
}

@article{ moorthi-suarez-1992,
author = {Moorthi, Shrinivas and Suarez, Max J.},
title = {Relaxed {A}rakawa-{S}chubert. A parameterization of moist convection for general circulation models},
journal = {Monthly Weather Review},
volume = {120},
number = {6},
pages = {978-1002},
year = {1992}
}

" Index n
@article{neale-hoskins-2000,
  title={A standard test for AGCMs including their physical parametrizations: I: The proposal},
  author={Neale, Richard B and Hoskins, Brian J},
  journal={Atmospheric Science Letters},
  volume={1},
  number={2},
  pages={101--107},
  year={2000},
  publisher={Wiley Online Library}
}

" Index o
@article{ogorman-singh-2013,
  title={Vertical structure of warming consistent with an upward shift in the middle and upper troposphere},
  author={O'Gorman, Paul A and Singh, Martin S},
  journal={Geophysical research letters},
  volume={40},
  number={9},
  pages={1838--1842},
  year={2013},
  publisher={Wiley Online Library}
}

" Index p
@article{pierrehumbert-1995,
  title={Thermostats, radiator fins, and the local runaway greenhouse},
  author={Pierrehumbert, R Thermostates},
  journal={Journal of the atmospheric sciences},
  volume={52},
  number={10},
  pages={1784--1806},
  year={1995}
}

@article{po-chedley-fu-2012,
  title={Discrepancies in tropical upper tropospheric warming between atmospheric circulation models and satellites},
  author={Po-Chedley, Stephen and Fu, Qiang},
  journal={Environmental Research Letters},
  volume={7},
  number={4},
  pages={044018},
  year={2012},
  publisher={IOP Publishing}
}

@article{ po-chedley-et-al-2018,
author = {Po-Chedley, Stephen and Armour, Kyle C. and Bitz, Cecilia M. and Zelinka, Mark D. and Santer, Benjamin D. and Fu, Qiang},
title = {Sources of Intermodel Spread in the Lapse Rate and Water Vapor Feedbacks},
journal = {Journal of Climate},
volume = {31},
number = {8},
pages = {3187-3206},
year = {2018},
doi = {10.1175/JCLI-D-17-0674.1},
URL = {https://doi.org/10.1175/JCLI-D-17-0674.1},
eprint = {https://doi.org/10.1175/JCLI-D-17-0674.1},
}

@article{po-chedley-et-al-2019,
  title={Climatology explains intermodel spread in tropical upper tropospheric cloud and relative humidity response to greenhouse warming},
  author={Po-Chedley, Stephen and Zelinka, Mark D and Jeevanjee, Nadir and Thorsen, Tyler J and Santer, Benjamin D},
  journal={Geophysical Research Letters},
  volume={46},
  number={22},
  pages={13399--13409},
  year={2019},
  publisher={Wiley Online Library}
}

" Index q

" Index r
@article{riehl-malkus-1958,
  title={On the heat balance of the equatorial trough zone},
  author={Riehl, H and Malkus, JS},
  journal={Geophysica},
  volume={6},
  pages={3--4},
  year={1958}
}

@article{romps-2011,
  title={Response of tropical precipitation to global warming},
  author={Romps, David M},
  journal={Journal of the Atmospheric Sciences},
  volume={68},
  number={1},
  pages={123--138},
  year={2011}
}

@article{romps-2014,
  title={An analytical model for tropical relative humidity},
  author={Romps, David M},
  journal={Journal of Climate},
  volume={27},
  number={19},
  pages={7432--7449},
  year={2014}
}

@article{romps-2016,
  title={Clausius--Clapeyron scaling of CAPE from analytical solutions to RCE},
  author={Romps, David M},
  journal={Journal of the Atmospheric Sciences},
  volume={73},
  number={9},
  pages={3719--3737},
  year={2016}
}

" Index s 
@article{ shaw-et-al-2016,
author = {Shaw, Tiffany A. and Baldwin, M. and Barnes, E. A. and others},
title = {Storm track processes and the opposing influences of climate change},
journal = {Nature Geoscience},
volume = {9},
number = {9},
pages = {656-664},
year = {2016}
}

@article{ seeley-romps-2015,
author = {Seeley, Jacob T. and Romps, David M.},
title = {Why does tropical convective available potential energy (CAPE) increase with warming?},
journal = {Geophysical Research Letters},
volume = {42},
number = {23},
pages = {10,429-10,437},
keywords = {tropical convection, global warming, buoyancy},
doi = {10.1002/2015GL066199},
url = {https://agupubs.onlinelibrary.wiley.com/doi/abs/10.1002/2015GL066199},
eprint = {https://agupubs.onlinelibrary.wiley.com/doi/pdf/10.1002/2015GL066199},
year = {2015}
}

@article{sherwood-et-al-2014,
  title={Spread in model climate sensitivity traced to atmospheric convective mixing},
  author={Sherwood, Steven C and Bony, Sandrine and Dufresne, Jean-Louis},
  journal={Nature},
  volume={505},
  number={7481},
  pages={37--42},
  year={2014},
  publisher={Nature Publishing Group}
}

@article{ singh-ogorman-2013,
author = {Singh, Martin S. and O'Gorman, Paul A.},
title = {Influence of entrainment on the thermal stratification in simulations of radiative-convective equilibrium},
journal = {Geophysical Research Letters},
volume = {40},
number = {16},
pages = {4398-4403},
year = {2013}
}

@article{santer-et-al-1996,
  title={A search for human influences on the thermal structure of the atmosphere},
  author={Santer, Benjamin D and Taylor, KE and Wigley, TML and Johns, TC and Jones, PD and Karoly, DJ and Mitchell, JFB and Oort, AH and Penner, JE and Ramaswamy, Venkatachalam and others},
  journal={Nature},
  volume={382},
  number={6586},
  pages={39--46},
  year={1996},
  publisher={Nature Publishing Group}
}

" Index t
@article{tan-et-al-2019,
  title={The sensitivity of the jet stream response to climate change to radiative assumptions},
  author={Tan, Zhihong and Lachmy, Orli and Shaw, Tiffany A},
  journal={Journal of Advances in Modeling Earth Systems},
  volume={11},
  number={4},
  pages={934--956},
  year={2019},
  publisher={Wiley Online Library}
}

@article{taylor-et-al-2012,
  title={An overview of CMIP5 and the experiment design},
  author={Taylor, Karl E and Stouffer, Ronald J and Meehl, Gerald A},
  journal={Bulletin of the American Meteorological Society},
  volume={93},
  number={4},
  pages={485--498},
  year={2012},
  publisher={American Meteorological Society}
}

@article{ thorne-et-al-2010,
  title={Tropospheric temperature trends: History of an ongoing controversy},
  author={Thorne, Peter W and Lanzante, John R and Peterson, Thomas C and Seidel, Dian J and Shine, Keith P},
  journal={Wiley Interdisciplinary Reviews: Climate Change},
  volume={2},
  number={1},
  pages={66--88},
  year={2011},
  publisher={Wiley Online Library}
}

@article{ tripati-et-al-2014,
author = {Tripati, Aradhna K. and others},
title = {Modern and glacial tropical snowlines controlled by sea surface temperature and atmospheric mixing},
journal = {Nature Geoscience},
volume = {7},
number = {3},
pages = {205},
year = {2014}
}

@article{ tokioka-et-al-1988,
  title={The equatorial 30-60 day oscillation and the Arakawa-Schubert penetrative cumulus parameterization},
  author={Tokioka, Tatsushi and Yamazaki, Koji and Kitoh, Akio and Ose, Tomoaki},
  journal={Journal of the Meteorological Society of Japan. Ser. II},
  volume={66},
  number={6},
  pages={883--901},
  year={1988},
  publisher={Meteorological Society of Japan}
}

@article{tompkins-craig-1999,
  title={Sensitivity of tropical convection to sea surface temperature in the absence of large-scale flow},
  author={Tompkins, Adrian M and Craig, George C},
  journal={Journal of climate},
  volume={12},
  number={2},
  pages={462--476},
  year={1999}
}

" Index v
@article{ vallis-et-al-2015,
author = {Vallis, Geoffrey K. and others},
title = {Response of the large-scale structure of the atmosphere to global warming},
journal = {Quarterly Journal of the Royal Meteorological Society},
volume = {141},
number = {690},
pages = {1479-1501},
year = {2015}
}

" Index w
@article{williams-renno-1993,
  title={An analysis of the conditional instability of the tropical atmosphere},
  author={Williams, Earle and Renno, Nilton},
  journal={Monthly Weather Review},
  volume={121},
  number={1},
  pages={21--36},
  year={1993}
}

@article{ wing-et-al-2018,
  title={Radiative-convective equilibrium model intercomparison project},
  author={Wing, Allison A and Reed, Kevin A and Satoh, Masaki and Stevens, Bjorn and Bony, Sandrine and Ohno, Tomoki},
  journal={Geoscientific Model Development},
  pages={793--813},
  year={2018}
}

" Index x
@article{ xu-emanuel-1989,
author = {Xu, Kuan-Man and Emanuel, Kerry A.},
title = {Is the tropical atmosphere conditionally unstable?},
journal = {Monthly Weather Review},
volume = {117},
number = {7},
pages = {1471-1479},
year = {1989}
}

" Index z
@article{ zhang-fueglistaler-2020,
  title={How tropical convection couples high moist static energy over land and ocean},
  author={Zhang, Yi and Fueglistaler, Stephan},
  journal={Geophysical Research Letters},
  year={2020},
  publisher={Wiley Online Library}
}

@article{ zhou-xie-2019,
  title={A Conceptual Spectral Plume Model for Understanding Tropical Temperature Profile and Convective Updraft Velocities},
  author={Zhou, Wenyu and Xie, Shang-Ping},
  journal={Journal of the Atmospheric Sciences},
  volume={76},
  number={9},
  pages={2801--2814},
  year={2019}
}
