" jump to a
@article{ abbot-tziperman-2008,
author = {Abbot, Dorian S. and Tziperman, Eli},
title = {Sea ice, high-latitude convection, and equable climates},
journal = {Geophysical Research Letters},
volume = {35},
number = {3},
year = {2008}
}

@article{ abbot-et-al-2012,
author = {Abbot, Dorian S. and others},
title = {Clouds and {S}nowball {E}arth deglaciation},
journal = {Geophysical Research Letters},
volume = {39},
number = {20},
pages = {6017-6027},
year = {2012}
}

@article{ abbot-et-al-2013,
author = {Abbot, Dorian S. and others},
title = {Robust elements of {S}nowball {E}arth atmospheric circulation and oases for life},
journal = {Journal of Geophysical Resesarch: Atmospheres},
volume = {118},
number = {12},
pages = {6017-6027},
year = {2013}
}

@article{ abbot-2014,
author = {Abbot, Dorian S.},
title = {Resolved {S}nowball {E}arth clouds},
journal = {Journal of Climate},
volume = {27},
number = {12},
pages = {4391-4402},
year = {2014}
}

@article{ alley-et-al-2003,
author = {Alley, Richard B. and others},
title = {Abrupt climate change},
journal = {Science},
volume = {299},
number = {5615},
pages = {2005-2010},
year = {2003}
}

@incollection{ ams-glossary,
author = "{American Meteorological Society}",
title = {Radiative-Convective Equilibrium},
booktitle = {Glossary of Meteorology},
year = {2019},
urldate = {2019-11-24}
}

@article{ anderson-et-al-2004,
author = {Anderson, J. L. and others},
title = {The new {GFDL} global atmosphere and land model {AM}2-{LM}2: Evaluation with prescribed {SST} simulations},
journal = {Journal of Climate},
volume = {17},
number = {24},
pages = {4641-4673},
year = {2004}
}

@article{ arakawa-schubert-1974,
author = {Arakawa, Akio and Schubert, Wayne Howard},
title = {Interaction of a cumulus cloud ensemble with the large-scale environment, {P}art {I}},
journal = {Journal of the Atmospheric Sciences},
volume = {31},
number = {3},
pages = {674-701},
year = {1974}
}

" jump to b
@article{ betts-1982,
author = {Betts, Alan},
title = {Saturation point analysis of moist convective overturning},
journal = {Journal of the Atmospheric Sciences},
volume = {39},
number = {7},
pages = {1484-1505},
year = {1982}
}

@article{ bjerknes-1938,
author = {Bjerknes, J.},
title = {Saturated-adiabatic ascent of air through dry-adiabatically descending environment},
journal = {Quarterly Journal of the Royal Meteorological Society},
volume = {64},
pages = {325-330},
year = {1938}
}

@article{ blyth-1993,
author = {Blyth, Alan M.},
title = {Entrainment in cumulus clouds},
journal = {Journal of Applied Meteorology},
volume = {32},
number = {4},
pages = {626-641},
year = {1993}
}

@article{ bretherton-smolarkiewicz-1989,
author = {Bretherton, Christopher and Smolarkiewicz, Piotr K.},
title = {Gravity waves, compensating subsidence, and detrainment around cumulus clouds},
journal = {Journal of the Atmospheric Sciences},
volume = {46},
number = {6},
pages = {740-759},
year = {1989}
}

@article{ budyko-1969,
author = {Budyko, Mikhail I.},
title = {The effect of solar radiation variations on the climate of the {E}arth},
journal = {Tellus},
volume = {21},
number = {5},
pages = {611-619},
year = {1969}
}

" jump to c
@article{ caballero-et-al-2008,
author = {Caballero, Rodrigo and Pierrehumbert, Raymond T. and Mitchell, Jonathan L.},
title = {Axisymmetric, nearly inviscid circulations in non-condensing radiative-convective atmospheres},
journal = {Quarterly Journal of the Royal Meteorological Society},
volume = {134},
number = {643},
pages = {1269-1285},
year = {2008}
}

@article{ charney-1947,
author = {Charney, Jule},
title = {The dynamics of long waves in a baroclinic westerly current},
journal = {Journey of Meteorology},
volume = {4},
number = {5},
pages = {136-162},
year = {1947}
}

@article{ cronin-jansen-2016,
author = {Cronin, Timothy W. and Jansen, Malte F.},
title = {Analytic radiative-advective equilibrium as a model for high-latitude climate},
journal = {Geophysical Research Letters},
volume = {43},
number = {1},
pages = {449-457},
year = {2016}
}

@article{ cronin-chavas-2019,
author = {Cronin, Timothy W. and Chavas, Daniel R.},
title = {Dry and semidry tropical cyclones},
journal = {Journal of the Atmospheric Sciences},
volume = {76},
number = {8},
pages = {2193-2212},
year = {2019}
}

" jump to d 
@article{ donner-et-al-2001,
author = {Donner, Leo J. and others},
title = {A cumulus parameterization including mass fluxes, convective vertical velocities, and mesoscale effects: Thermodynamic and hydrological aspects in a general circulation model},
journal = {Journal of Climate},
volume = {14},
number = {16},
pages = {3444-3463},
year = {2001}
}

" jump to e
@article{ eady-1949,
author = {Eady, Eric T.},
title = {Long waves and cyclone waves},
journal = {Tellus},
volume = {1},
number = {3},
pages = {33-52},
year = {1949}
}

@book{ emanuel-1994,
author = {Emanuel, Kerry A.},
title = {Atmospheric Convection},
year = {1994},
publisher = {Oxford University Press}
}

" jump to f


" jump to g
@article{ graham-et-al-2019,
author = {Graham, R.J. and Shaw, Tiffany A. and Abbot, Dorian S.},
title = {The Snowball stratosphere},
journal = {Journal of Geophysical Research},
volume = {In press},
year = {2019}
}

@article{ greenwood-wing-1995,
author = {Greenwood, David R. and Wing, Scott L.},
title = {Eocene continental climates and latitudinal temperature gradients},
journal = {Geology},
volume = {23},
number = {11},
pages = {1044-1048},
year = {1995}
}

" jump to h
@book{ hartmann-2015,
author = {Hartmann, Dennis L.},
title = {Global Physical Climatology},
year = {2015},
publisher = {Newnes}
}

@article{ held-2005,
author = {Held, Isaac M.},
title = {The Gap between Simulation and Understanding in Climate Modeling},
journal = {Bulletin of the American Meteorological Society},
volume = {86},
number = {11},
pages = {1609-1614},
year = {2005}
}

@article{ held-hou-1980,
author = {Held, Isaac M. and Hou, Arthur},
title = {Nonlinear axially symmetric circulations in a nearly inviscid atmosphere},
journal = {Journal of the Atmospheric Sciences},
volume = {37},
number = {3},
pages = {515-533},
year = {1980}
}

@article{ humphreys-1909,
author = {Humphreys, W.J.},
title = {Vertical temperature-gradients of the atmosphere, especially in the region of upper inversion},
journal = {The Astrophysical Journal},
volume = {29},
number = {14},
pages = {14},
year = {1909}
}

" jump to m
@article{ manabe-moller-1961,
author = {Manabe, Syukuro and Moller, Fritz},
title = {On the radiative equilibrium and heat balance of the atmosphere},
journal = {Monthly Weather Review},
year = {1961}
}

@article{ manabe-strickler-1964,
author = {Manabe, Syukuro and Strickler, Robert F.},
title = {Thermal equilibrium of the atmosphere with a convective adjustment},
journal = {Journal of the Atmospheric Sciences},
volume = {21},
number = {4},
pages = {361-385},
year = {1964}
}

@article{ manabe-wetherald-1975,
author = {Manabe, Syukuro and Wetherald, Richard T.},
title = {The effects of doubling the {CO}$_2$ concentration on the climate of a general circulation model},
journal = {Journal of the Atmospheric Sciences},
volume = {32},
number = {1},
pages = {3-15},
year = {1975}
}

@article{ moorthi-suarez-1992,
author = {Moorthi, Shrinivas and Suarez, Max J.},
title = {Relaxed {A}rakawa-{S}chubert. A parameterization of moist convection for general circulation models},
journal = {Monthly Weather Review},
volume = {120},
number = {6},
pages = {978-1002},
year = {1992}
}

" jump to l
@article{ lin-et-al-2008, 
author = {Lin, Bing and others},
title = {Assessment of global annual atmospheric energy balance from satellite observations},
journal = {Journal of Geophysical Research: Atmospheres},
volume = {113},
number = {D16},
year = {2008}
}

@article{ lunt-et-al-2012, 
author = {Lunt, Daniel J. and others},
title = {A model-data comparison for a multi-model ensemble of early {E}ocene atmosphere-ocean simulation: {E}o{MIP}},
journal = {Climate of the Past},
volume = {8},
pages = {1717-1736},
year = {2012}
}

" jump to n
@article{ nakamura-oort-1988,
author = {Nakamura, Noboru and Oort, Abraham H.},
title = {Atmospheric heat budgets of the polar regions},
journal = {Journal of Geophysical Research: Atmospheres},
volume = {93},
number = {D8},
pages = {9510-9524},
year = {1988}
}

@article{ nilsson-emanuel-1999,
author = {Nilsson, J. and Emanuel, Kerry A.},
title = {Equilibrium atmospheres of a two-column radiative-convective model},
journal = {Quarterly Journal of the Royal Meteorological Society},
volume = {125},
number = {558},
pages = {2239-2264},
year = {1999}
}

@article{ north-et-al-1981,
author = {North, Gerard and others},
title = {Energy Balance Climate Models},
journal = {Reviews of Geophysics and Space Physics},
volume = {19},
number = {1},
pages = {91-121},
year = {1981}
}

" jump to o
@article{ ooyama-1990,
author = {Ooyama, Katsuyuki V.},
title = {A thermodynamic foundation for modeling the moist atmosphere},
journal = {Journal of the Atmospheric Sciences},
volume = {47},
number = {21},
pages = {2580-2593},
year = {1990}
}

@article{ overland-guest-1991,
author = {Overland, James E. and Guest, Peter S.},
title = {The {A}rctic snow and air temperature budget over sea ice during winter},
journal = {Journal of Geophysical Research: Oceans},
volume = {93},
number = {C3},
pages = {4651-4662},
year = {1991}
}

" jump to p
@article{ park-bretherton-2009,
author = {Park, Sungsu and Bretherton, Christopher S.},
title = {The {U}niversity of {W}ashington shallow convection and moist turbulence schemes and their impact on climate simulations with the {C}ommunity {A}tmosphere {M}odel},
journal = {Journal of Climate},
volume = {22},
number = {12},
pages = {3449-3469},
year = {2009}
}

@article{ payne-et-al-2015,
author = {Payne, Ashley E. and Jansen, Malte F. and Cronin, Tim W.},
title = {Conceptual model analysis of the influence of temperature feedbacks on polar amplification},
journal = {Geophysical Research Letters},
volume = {42},
number = {21},
pages = {9561-9570},
year = {2015}
}

@article{ pithan-mauritsen-2014,
author = {Pithan, Felix and Mauristen, Thorsten},
title = {Arctic amplification dominated by temperature feedbacks in contemporary climate models},
journal = {Nature Geoscience},
volume = {7},
number = {3},
pages = {181-184},
year = {2014}
}

@article{ pierrehumbert-1995,
author = {Pierrehumbert, Raymond T.},
title = {Thermostats, Radiator Fins, and the Local Runaway Greenhouse},
journal = {Journal of the Atmospheric Sciences},
volume = {52},
number = {10},
pages = {1784-1806},
year = {1995}
}

@article{ pierrehumbert-2004,
author = {Pierrehumbert, Raymond T.},
title = {High levels of atmospheric carbon dioxide necessary for the termination of global glaciation},
journal = {Nature},
volume = {429},
number = {6992},
pages = {646},
year = {2004}
}

@article{ pierrehumbert-2005,
author = {Pierrehumbert, Raymond T.},
title = {Climate dynamics of a hard {S}nowball {E}arth},
journal = {Journal of Geophysical Research: Atmospheres},
volume = {110},
number = {D1},
year = {2005}
}

@article{ phillips-1954,
author = {Phillips, Norman A.},
title = {Energy transformations and meridional circulations associated with simple baroclinic waves in a two-level, quasi-geostrophic model},
journal = {Tellus},
volume = {6},
number = {3},
pages = {274-286},
year = {1954}
}

@article{ po-chedley-and-fu-2012,
author = {Po-Chedley, Stephen and Fu, Qiang},
title = {Discrepancies in tropical upper tropospheric warming between atmospheric circulation models and satellites},
journal = {Environmental Research Letters},
volume = {7},
number = {4},
year = {2012}
}

" jump to r
@article{ renno-1997,
author = {Renn\'o, Nilton O},
title = {Multiple equilibria in radiative-convective atmospheres},
journal = {Tellus},
volume = {49},
number = {4},
pages = {423-438},
year = {1997}
}

@article{ romps-2014,
author = {Romps, David},
title = {An analytical model for tropical relative humidity},
journal = {Journal of Climate},
volume = {27},
number = {19},
pages = {7432-7449},
year = {2014}
}

@article{ rose-2015,
author = {Rose, Brian E.J.},
title = {Stable ``{W}aterbelt'' climates controlled by tropical ocean heat transport: A nonlinear coupled climate mechanism of relevance to {S}nowball {E}arth},
journal = {Journal of Geophysical Research: Atmospheres},
volume = {120},
number = {4},
pages = {1404-1423},
year = {2015}
}

@article{ rugenstein-et-al-2019,
author = {Rugenstein, Maria and others},
title = {{L}ong{R}un{MIP} --- motivation and design for a large collection of millennial-length {AO}-{GCM} simulations},
journal = {Bulletin of the American Meteorological Society},
year = {2019}
}

" jump to s
@article{ schneider-et-al-2019,
author = {Schneider, Tapio and Kaul, Colleen M. and Pressel, Kyle G.},
title = {Possible climate transitions from breakup of stratocumulus decks under greenhouse warming},
journal = {Nature Geoscience},
volume = {12},
number = {3},
pages = {163},
year = {2019}
}

@article{ sellers-1969,
author = {Sellers, William D.},
title = {A global climatic model based on the energy balance of the earth-atmosphere system},
journal = {Journal of Applied Meteorology},
volume = {8},
number = {3},
pages = {392-400},
year = {1969}
}

@article{ sessions-et-al-2010,
author = {Sessions, Sharon L. and others},
title = {Multiple equilibria in a cloud-resolving model using the weak temperature gradient approximation},
journal = {Journal of Geophysical Research: Atmospheres},
volume = {115},
number = {D12},
year = {2010}
}

@article{ shaw-tan-2018,
author = {Shaw, Tiffany A. and Tan, Zhihong},
title = {Testing latitudinally dependent explanations of the circulation response to increased {CO}$_2$ using aquaplanet models.},
journal = {Geophysical Research Letters},
volume = {45},
number = {18},
pages = {9861-9869},
year = {2018}
}

@article{ sherwood-et-al-2014,
author = {Sherwood, Steven C and Bony, Sandrine and Dufresne, Jean-Louis},
title = {Spread in model climate sensitivity traced to atmospheric convective mixing},
journal = {Nature},
volume = {505},
number = {7481},
pages = {37},
year = {2014}
}

@article{ singh-ogorman-2013,
author = {Singh, Martin S. and O'Gorman, Paul A.},
title = {Influence of entrainment on the thermal stratification in simulations of radiative-convective equilibrium},
journal = {Geophysical Research Letters},
volume = {40},
number = {16},
pages = {4398-4403},
year = {2013}
}

@article{ sobel-et-al-2001,
author = {Sobel, Adam H. and Nilsson, J. and Polvani, Lorenzo M.},
title = {The weak temperature gradient approximation and balanced tropical moisture waves},
journal = {Journal of the Atmospheric Sciences},
volume = {58},
number = {23},
pages = {3650-3665},
year = {2001}
}

@article{ sobel-et-al-2007,
author = {Sobel, Adam H. and Bellon, Gilles and Bacmeister, J.},
title = {Multiple equilibria in a single-column model of the tropical atmosphere},
journal = {Geophysical Research Letters},
volume = {34},
number = {22},
year = {2007}
}

@article{ stevens-et-al-2013,
author = {Stevens, Bjorn and others},
title = {Atmospheric component of the {MPI}-{M} {E}arth system model: {ECHAM6}},
journal = {Journal of Advances in Modeling Earth Systems},
volume = {5},
number = {2},
pages = {146-172},
year = {2013}
}

" jump to t 
@article{ tripati-et-al-2014,
author = {Tripati, Aradhna K. and others},
title = {Modern and glacial tropical snowlines controlled by sea surface temperature and atmospheric mixing},
journal = {Nature Geoscience},
volume = {7},
number = {3},
pages = {205},
year = {2014}
}

" jump to v
@article{ vallis-et-al-2015,
author = {Vallis, Geoffrey K. and others},
title = {Response of the large-scale structure of the atmosphere to global warming},
journal = {Quarterly Journal of the Royal Meteorological Society},
volume = {141},
number = {690},
pages = {1479-1501},
year = {2015}
}

@book{ vallis-2017,
author = {Vallis, Geoffrey K.},
title = {Atmospheric and Oceanic Fluid Dynamics},
year = {2017},
publisher = {Cambridge University Press}
}

@article{ voigt-marotzke-2010,
author = {Voigt, Aiko and Marotzke, Jochem},
title = {The transition from the present-day climate to a modern Snowball Earth},
journal = {Climate dynamics},
volume = {35},
number = {5},
pages = {887-905},
year = {2010}
}

@article{ voigt-et-al-2012,
author = {Voigt, Aiko and Held, Isaac M. and Marotzke, Jochem},
title = {Hadley cell dynamics in a virtually dry snowball Earth atmosphere},
journal = {Journal of the Atmospheric Sciences},
volume = {69},
number = {1},
pages = {116-128},
year = {2012}
}

@article{ voigt-2013,
author = {Voigt, Aiko},
title = {The dynamics of the Snowball Earth Hadley circulation for off-equatorial and seasonally varying insolation},
journal = {Earth System Dynamics},
volume = {4},
number = {2},
pages = {425-438},
year = {2013}
}

" jump to w
@article{ wing-et-al-2018,
author = {Wing, Allison A. and others},
title = {{RCEMIP}: Radiative-convective equilibrium model intercomparison project},
journal = {Geoscientific Model Development},
volume = {11},
number = {2},
pages = {793-813},
year = {2018}
}

" jump to x
@article{ xu-emanuel-1989,
author = {Xu, Kuan-Man and Emanuel, Kerry A.},
title = {Is the tropical atmosphere conditionally unstable?},
journal = {Monthly Weather Review},
volume = {117},
number = {7},
pages = {1471-1479},
year = {1989}
}

" jump to y
@article{ yanai-et-al-1973,
author = {Yanai, Michio and Esbensen, Steven and Chu, Jan-Hwa},
title = {Determination of bulk properties of tropical cloud clusters from large-scale heat and moisture budgets},
journal = {Journal of the Atmospheric Sciences},
volume = {30},
number = {4},
pages = {611-627},
year = {1973}
}

